@Online{url:SAE_J3016,
  title   = {Taxonomy and Definitions for Terms Related to Driving Automation Systems for On-Road Motor Vehicles. [Электронный ресурс]},
  url     = {https://www.sae.org/standards/content/j3016_202104/},
  urldate = {2023-10-14},
}

@Comment{jabref-meta: databaseType:biblatex;}
